@article{smith2021economic,
  author    = {J. Smith and K. Johnson and L. Martinez},
  title     = {Economic Growth and Unemployment: A Macroeconomic Perspective},
  journal   = {Journal of Economic Studies},
  volume    = {58},
  number    = {3},
  pages     = {234--250},
  year      = {2021}
}

@article{jones2019predicting,
  author    = {A. Jones and M. Lee},
  title     = {Predicting Unemployment Rates Using Machine Learning},
  journal   = {International Journal of Data Science},
  volume    = {12},
  number    = {1},
  pages     = {45--60},
  year      = {2019}
}

@article{brown2022unemployment,
  author    = {C. Brown and T. Nguyen and R. Patel},
  title     = {Unemployment Trends in Economic Crises: A Sectoral Analysis},
  journal   = {Economic Policy Review},
  volume    = {30},
  number    = {4},
  pages     = {78--95},
  year      = {2022}
}
